<?xml version="1.0" encoding="UTF-8"?><collection xmlns="http://www.loc.gov/MARC21/slim"><record><leader>00409nam--2200133-i-4500</leader><controlfield tag="001">000001481</controlfield><controlfield tag="002">20161230</controlfield><controlfield tag="005">20161230201024</controlfield><controlfield tag="008">060222s1000------------r-----000-0-eng-d</controlfield><datafield ind1=" " ind2=" " tag="080"><subfield code="a">543.42:547(043)</subfield></datafield><datafield ind1=" " ind2=" " tag="100"><subfield code="a">Freche, Patrick</subfield></datafield><datafield ind1=" " ind2=" " tag="245"><subfield code="a">Synthese et etudes spectroscopiques d alcanes ramifies.applications aux polyethylenes basse fensite.these</subfield></datafield><datafield ind1=" " ind2=" " tag="260"><subfield code="a">Pau, Universite De Pau, 1982. 249 P</subfield></datafield><datafield ind1=" " ind2=" " tag="852"><subfield code="a">71153</subfield></datafield></record></collection>